<record><leader>00000cas a22000007a 4500</leader><controlfield tag="001">10130170</controlfield><controlfield tag="008">831115d18861886ksuwr ne      0   a0eng d</controlfield><datafield ind1=" " ind2=" " tag="010"><subfield code="a">sn 83040821 </subfield></datafield><datafield ind1=" " ind2=" " tag="040"><subfield code="a">KSH</subfield><subfield code="b">eng</subfield><subfield code="c">KSH</subfield><subfield code="d">NPT</subfield><subfield code="d">OCLCQ</subfield></datafield><datafield ind1=" " ind2=" " tag="042"><subfield code="a">msc</subfield></datafield><datafield ind1=" " ind2=" " tag="043"><subfield code="a">n-us-ks</subfield></datafield><datafield ind1="0" ind2=" " tag="130"><subfield code="a">Advertiser (Wakefield, Kan.)</subfield></datafield><datafield ind1="1" ind2="4" tag="245"><subfield code="a">The Advertiser.</subfield></datafield><datafield ind1=" " ind2=" " tag="260"><subfield code="a">Wakefield, Kan. :</subfield><subfield code="b">Geo. H. Dorn,</subfield><subfield code="c">1886.</subfield></datafield><datafield ind1=" " ind2=" " tag="300"><subfield code="a">1 v. ;</subfield><subfield code="c">40-50 cm.</subfield></datafield><datafield ind1=" " ind2=" " tag="310"><subfield code="a">Weekly</subfield></datafield><datafield ind1="0" ind2=" " tag="362"><subfield code="a">Vol. 1, no. 1 (Mar. 29, 1886)-v. 1, no. 1 [i.e. 19] (Aug. 28, 1886).</subfield></datafield><datafield ind1=" " ind2=" " tag="500"><subfield code="a">Editor: Geo. H. Dorn.</subfield></datafield><datafield ind1="1" ind2=" " tag="700"><subfield code="a">Dorn, George H.</subfield></datafield><datafield ind1=" " ind2=" " tag="752"><subfield code="a">United States</subfield><subfield code="b">Kansas</subfield><subfield code="c">Clay</subfield><subfield code="d">Wakefield.</subfield></datafield><datafield ind1="0" ind2="0" tag="785"><subfield code="t">Wakefield advertiser</subfield><subfield code="w">(DLC)sn 83040820</subfield></datafield><datafield ind1="1" ind2=" " tag="029"><subfield code="a">AU@</subfield><subfield code="b">000025804647</subfield></datafield></record>